
@ARTICLE{PRM, 
author={L. E. Kavraki and P. Svestka and J. C. Latombe and M. H. Overmars}, 
journal={IEEE Transactions on Robotics and Automation}, 
title={Probabilistic roadmaps for path planning in high-dimensional configuration spaces}, 
year={1996}, 
volume={12}, 
number={4}, 
pages={566-580}, 
keywords={graph theory;learning (artificial intelligence);mobile robots;path planning;probability;collision-free configurations;goal configurations;graph;high-dimensional configuration spaces;holonomic robot;learning phase;local planner;motion planning;multi-DOF planar articulated robots;path planning;probabilistic roadmaps;query phase;robots;start configurations;static workspaces;Computer science;Joining processes;Laboratories;Layout;Motion planning;Orbital robotics;Path planning;Robots;Workstations}, 
doi={10.1109/70.508439}, 
ISSN={1042-296X}, 
month={Aug},}

@InProceedings{RRT,
author="Von{\'a}sek, Vojt{\v{e}}ch
and Faigl, Jan
and Krajn{\'i}k, Tom{\'a}{\v{s}}
and P{\v{r}}eu{\v{c}}il, Libor",
editor="Koz{\l}owski, Krzysztof R.",
title="RRT-path -- A Guided Rapidly Exploring Random Tree",
booktitle="Robot Motion and Control 2009",
year="2009",
publisher="Springer London",
address="London",
pages="307--316",
abstract="Motion planning is one of the most studied problems in robotics. Various methods for solving this problem have been introduced in the last two decades. Applications beyond robotics including 3D object manipulation, computational biology, computational graphics, or drug folding are presented in [10].",
isbn="978-1-84882-985-5"
}

@article{Dijkstra,
 author = {Dijkstra, E. W.},
 title = {A Note on Two Problems in Connexion with Graphs},
 journal = {Numer. Math.},
 issue_date = {December  1959},
 volume = {1},
 number = {1},
 month = dec,
 year = {1959},
 issn = {0029-599X},
 pages = {269--271},
 numpages = {3},
 url = {http://dx.doi.org/10.1007/BF01386390},
 doi = {10.1007/BF01386390},
 acmid = {2722945},
 publisher = {Springer-Verlag New York, Inc.},
 address = {Secaucus, NJ, USA},
}


@article{suveryOnShortestPath,
  title={A Survey of Shortest-Path Algorithms},
  author={Amgad Madkour and Walid G. Aref and Faizan Ur Rehman and Mohamed Abdur Rahman and Saleh M. Basalamah},
  journal={CoRR},
  year={2017},
  volume={abs/1705.02044}
}

@article{Demetrescu,
 author = {Demetrescu, Camil and Italiano, Giuseppe F.},
 title = {A New Approach to Dynamic All Pairs Shortest Paths},
 journal = {J. ACM},
 issue_date = {November 2004},
 volume = {51},
 number = {6},
 month = nov,
 year = {2004},
 issn = {0004-5411},
 pages = {968--992},
 numpages = {25},
 url = {http://doi.acm.org/10.1145/1039488.1039492},
 doi = {10.1145/1039488.1039492},
 acmid = {1039492},
 publisher = {ACM},
 address = {New York, NY, USA},
 keywords = {Dynamic graph algorithms, shortest paths},
}
@inproceedings{Bernstein,
  title={Fully Dynamic (2 + ε) Approximate All-Pairs Shortest Paths with Fast Query and Close to Linear Update Time},
  author={Bernstein, Aaron},
  booktitle={Foundations of Computer Science, 2009. FOCS '09.  IEEE Symposium on},
  pages={693-702},
  year={2010},
}
@article{Henzinger2013Dynamic,
  title={Dynamic Approximate All-Pairs Shortest Paths: Breaking the O(mn) Barrier and Derandomization},
  author={Henzinger, Monika and Krinninger, Sebastian and Nanongkai, Danupon},
  journal={Annual IEEE Symposium on Foundations of Computer Science},
  pages={538-547},
  year={2013},
}

@article{fastdeterministic,
  title={An On-Line Edge-Deletion Problem},
  author={Yossi Shiloach and Shimon Even},
  journal={Journal of the ACM (JACM)},
  volume={28},
  number={1},
  pages={1-4},
  year={1981},
}

@inproceedings{Kanoulas2006Finding,
  title={Finding Fastest Paths on A Road Network with Speed Patterns},
  author={Kanoulas, Evangelos and Du, Yang and Xia, Tian and Zhang, Donghui},
  booktitle={International Conference on Data Engineering},
  pages={10},
  year={2006},
}

@inproceedings{Ding2008Finding,
  title={Finding time-dependent shortest paths over large graphs},
  author={Ding, Bolin and Yu, Jeffrey Xu and Qin, Lu},
  booktitle={International Conference on Extending Database Technology: Advances in Database Technology},
  pages={205-216},
  year={2008},
}

@book{Nannicini2008Bidirectional,
  title={Bidirectional A ∗  Search for Time-Dependent Fast Paths},
  author={Nannicini, Giacomo and Delling, Daniel and Liberti, Leo and Schultes, Dominik},
  publisher={Springer Berlin Heidelberg},
  year={2008},
}
@book{Delling2009Time,
  title={Time-Dependent Route Planning},
  author={Delling, Daniel and Wagner, Dorothea},
  publisher={Springer-Verlag},
  pages={207-230},
  year={2009},
}
@inproceedings{Foschini2011On,
  title={On the complexity of time-dependent shortest paths},
  author={Foschini, Luca and Hershberger, John and Suri, Subhash},
  booktitle={Acm-Siam Symposium on Discrete Algorithms},
  pages={327-341},
  year={2011},
}

@article{Miller2000LEAST,
  title={LEAST EXPECTED TIME PATHS IN STOCHASTIC, TIME-VARYING TRANSPORTATION NETWORKS},
  author={Miller-Hooks, Elise D. and Mahmassani, Hani S.},
  journal={Transportation Science},
  volume={34},
  number={2},
  pages={198-215},
  year={2000},
}

@inproceedings{Nikolova2006Stochastic,
  title={Stochastic shortest paths via Quasi-convex maximization},
  author={Nikolova, Evdokia and Kelner, Jonathan A. and Brand, Matthew and Mitzenmacher, Michael},
  booktitle={Conference on European Symposium},
  pages={552-563},
  year={2006},
}
